@misc{CalculusSingleVariable,
  title        = {Calculus {I}: Single {V}ariable {C}alculus | {M}athematics},
  year         = {2020},
  author       = {David, Jerison and Gigliola, Staffilani and Jennifer, French and Stephen,Wang},
  shorttitle   = {Calculus I},
  journal      = {MIT OpenCourseWare},
  urldate      = {2023-05-15},
  howpublished = {https://ocw.mit.edu/courses/18-01-calculus-i-single-variable-calculus-fall-2020/},
  langid       = {english}
}
